% This file was created with JabRef 2.9.2.
% Encoding: Cp1250

@webpage{Herout-Abstract,
  author = {Adam Herout},
  month = {12},
  year = {2013},
  title = {Jak ps\'{a}t abstrakt},
  language = {CZ},
  howpublished = {blogpost (czech)},
  note = {\url{http://www.herout.net/blog/2013/12/jak-psat-abstrakt/}},
  url = {http://www.herout.net/blog/2013/12/jak-psat-abstrakt/},
  owner = {Herout},
  timestamp = {2015.01.20}
}

@webpage{Herout-Comics,
  author = {Adam Herout},
  month = {3},
  year = {2013},
  title = {Diplomka / Comics Edition},
  language = {CZ},
  howpublished = {blogpost (czech)},
  url = {http://www.herout.net/blog/2013/03/diplomka-comics-edition/},
  owner = {Herout},
  timestamp = {2015.01.20}
}

@BOOK{Lebrun2011,
  title = {Scientific Writing 2.0: a reader and writer's guide},
  publisher = {World Scientific Publishing},
  year = {2011},
  edition = {2},
  author = {Jean-Luc Lebrun},
  isbn = {9814350605},
  owner = {herout},
  timestamp = {2015.01.20}
}

@article{amin2017collapsing,
  title={Collapsing towers of interpreters},
  author={Amin, Nada and Rompf, Tiark},
  journal={Proceedings of the ACM on Programming Languages},
  volume={2},
  number={POPL},
  pages={1--33},
  year={2017},
  publisher={ACM New York, NY, USA}
}

@misc{kmett_2019, title={ekmett/cadenza}, url={https://github.com/ekmett/cadenza/}, journal={GitHub}, author={Kmett, Edward}, year={2019}}

@book{eisenberg2016dependent,
  title={Dependent types in haskell: Theory and practice},
  author={Eisenberg, Richard A},
  year={2016},
  publisher={University of Pennsylvania}
}

@article{loh2010tutorial,
  title={A tutorial implementation of a dependently typed lambda calculus},
  author={L{\"o}h, Andres and McBride, Conor and Swierstra, Wouter},
  journal={Fundamenta informaticae},
  volume={102},
  number={2},
  pages={177--207},
  year={2010},
  publisher={IOS Press}
}

@article{marlow2004making,
  title={Making a fast curry: push/enter vs. eval/apply for higher-order languages},
  author={Marlow, Simon and Jones, Simon Peyton},
  journal={ACM SIGPLAN Notices},
  volume={39},
  number={9},
  pages={4--15},
  year={2004},
  publisher={ACM New York, NY, USA}
}