@misc{kmett_2019,
  title={ekmett/cadenza},
  url={https://github.com/ekmett/cadenza/},
  journal={GitHub},
  author={Kmett, Edward},
  year={2019}
}

@article{ahman13_normal_by_evaluat_algeb_effec,
  author =       {Danel Ahman and Sam Staton},
  title =        {Normalization By Evaluation and Algebraic Effects},
  journal =      {Electronic Notes in Theoretical Computer Science},
  volume =       298,
  number =       {nil},
  pages =        {51-69},
  year =         2013,
  doi =          {10.1016/j.entcs.2013.09.007},
  url =          {https://doi.org/10.1016/j.entcs.2013.09.007},
  DATE_ADDED =   {Tue Feb 9 13:32:53 2021},
}

@inproceedings{altenkirch16_normalisation_dependent,
  title={Normalisation by evaluation for dependent types},
  author={Altenkirch, Thorsten and Kaposi, Ambrus},
  booktitle={1st International Conference on Formal Structures for Computation and Deduction (FSCD 2016)},
  year={2016},
  organization={Schloss Dagstuhl-Leibniz-Zentrum fuer Informatik}
}

@article{amin18_collapsing_towers,
  author =       {Nada Amin and Tiark Rompf},
  title =        {Collapsing Towers of Interpreters},
  journal =      {Proceedings of the ACM on Programming Languages},
  volume =       2,
  number =       {POPL},
  pages =        {1-33},
  year =         2018,
  doi =          {10.1145/3158140},
  url =          {https://doi.org/10.1145/3158140},
  DATE_ADDED =   {Tue Feb 9 12:35:46 2021},
}

@mastersthesis{baxter14_ml_dependent_calculus,
  title={An ML Implementation of the Dependently Typed Lambda Calculus},
  author={Baxter, Samuel},
  year={2014},
  organization={Boston College}
}

@mastersthesis{blaguszewski10_optimizing_dependent,
  title={Implementing and Optimizing a Simple, Dependently-Typed Language},
  author={Blaguszewski, Michael},
  year={2010}
}

@book{eisenberg16_dependent_haskell,
  title={Dependent types in haskell: Theory and practice},
  author={Eisenberg, Richard A},
  year={2016},
  publisher={University of Pennsylvania}
}

@article{flimmel17_truffle_pascal,
  title={Pascal with Truffle},
  author={Flimmel, J{\'u}lius},
  year={2017},
  publisher={Univerzita Karlova, Matematicko-fyzik{\'a}ln{\'\i} fakulta}
}

@inproceedings{fumero17_jit_gpu,
  title={Just-in-time gpu compilation for interpreted languages with partial evaluation},
  author={Fumero, Juan and Steuwer, Michel and Stadler, Lukas and Dubach, Christophe},
  booktitle={Proceedings of the 13th ACM SIGPLAN/SIGOPS International Conference on Virtual Execution Environments},
  pages={60--73},
  year={2017}
}

@inproceedings{gaikwad18_truffle_performance,
  title={Performance analysis for languages hosted on the truffle framework},
  author={Gaikwad, Swapnil and Nisbet, Andy and Luj{\'a}n, Mikel},
  booktitle={Proceedings of the 15th International Conference on Managed Languages \& Runtimes},
  pages={1--12},
  year={2018}
}

@phdthesis{gross21_performance,
  title={Performance Engineering of Proof-Based Software Systems at Scale},
  author={Gross, Jason S},
  year={2021},
  school={Massachusetts Institute of Technology}
}

@article{istasse17_oz_truffle,
  title = {An Oz implementation using Truffle and Graal},
  author = {Istasse, Maxime and Van Roy, Peter and Daloze, Benoit and Maudoux, Guillaume},
  year = {2017},
}

@mastersthesis{kleeblatt11_strongly_normalizing_stg,
  title={On a Strongly Normalizing STG Machine with an Application to Dependent Type Checking},
  author={Kleeblatt, Dirk},
  year={2011},
  organization={Technischen Universitat Berlin}
}

@inproceedings{latifi19_futamura,
  author = {Latifi, Florian},
  title = {Practical Second Futamura Projection: Partial Evaluation for High-Performance Language Interpreters},
  year = {2019},
  isbn = {9781450369923},
  publisher = {Association for Computing Machinery},
  address = {New York, NY, USA},
  url = {https://doi.org/10.1145/3359061.3361077},
  doi = {10.1145/3359061.3361077},
  booktitle = {Proceedings Companion of the 2019 ACM SIGPLAN International Conference on Systems, Programming, Languages, and Applications: Software for Humanity},
  pages = {29–31},
  numpages = {3},
  keywords = {interpretation, Futamura projection, dynamic compilation, partial evaluation, code generation},
  location = {Athens, Greece},
  series = {SPLASH Companion 2019}
}

@article{loh10_tutorial_dependent,
  title={A tutorial implementation of a dependently typed lambda calculus},
  author={L{\"o}h, Andres and McBride, Conor and Swierstra, Wouter},
  journal={Fundamenta informaticae},
  volume={102},
  number={2},
  pages={177--207},
  year={2010},
  publisher={IOS Press}
}

@inproceedings{marlow04_fast_curry,
  author =       {Simon Marlow and Simon Peyton Jones},
  title =        {Making a fast curry: push/enter vs. eval/apply for higher-order languages},
  booktitle =    {Proceedings of the ninth ACM SIGPLAN international conference
                  on Functional programming - ICFP '04},
  year =         2004,
  pages =        {nil},
  doi =          {10.1145/1016850.1016856},
  url =          {https://doi.org/10.1145/1016850.1016856},
  DATE_ADDED =   {Tue Feb 9 12:44:01 2021},
}

@article{nawaz19_survey_provers,
  author    = {M. Saqib Nawaz and Moin Malik and Yi Li and Meng Sun and Muhammad
                  Ikram Ullah Lali},
  title     = {A Survey on Theorem Provers in Formal Methods},
  journal   = {CoRR},
  volume    = {abs/1912.03028},
  year      = {2019},
  url       = {http://arxiv.org/abs/1912.03028},
  archivePrefix = {arXiv},
  eprint    = {1912.03028},
  timestamp = {Sat, 23 Jan 2021 01:12:39 +0100},
  biburl    = {https://dblp.org/rec/journals/corr/abs-1912-03028.bib},
  bibsource = {dblp computer science bibliography, https://dblp.org}
}

@inproceedings{norell08_agda_tutorial,
  title={Dependently typed programming in Agda},
  author={Norell, Ulf},
  booktitle={International school on advanced functional programming},
  pages={230--266},
  year={2008},
  organization={Springer}
}

@phdthesis{pagano12_nbe_dependent,
  title={Type-Checking and Normalisation By Evaluation for Dependent Type Systems},
  author={Pagano, Miguel M},
  year={2012},
  school={Universidad Nacional de C{\'o}rdoba}
}

@article{rouhling14_dependently_lifting,
  title={Dependently typed lambda calculus with a lifting operator Internship report},
  author={Rouhling, Damien},
  year={2014}
}

@inproceedings{stolpe19_environment,
  author = {Stolpe, Daniel and Felgentreff, Tim and Humer, Christian and Niephaus, Fabio and Hirschfeld, Robert},
  title = {Language-Independent Development Environment Support for Dynamic Runtimes},
  year = {2019},
  isbn = {9781450369961},
  publisher = {Association for Computing Machinery},
  address = {New York, NY, USA},
  url = {https://doi.org/10.1145/3359619.3359746},
  doi = {10.1145/3359619.3359746},
  booktitle = {Proceedings of the 15th ACM SIGPLAN International Symposium on Dynamic Languages},
  pages = {80–90},
  numpages = {11},
  keywords = {Truffle, Language Server Protocol, Graal},
  location = {Athens, Greece},
  series = {DLS 2019}
}

@misc{shopify2020,
  title={Optimizing Ruby Lazy Initialization in TruffleRuby with Deoptimization},
  url={https://shopify.engineering/optimizing-ruby-lazy-initialization-in-truffleruby-with-deoptimization},
  author={Shopify},
  year={2020},
  month={Mar}
}

@article{wadler87_fixing_space_leaks,
  title={Fixing some space leaks with a garbage collector},
  author={Wadler, Philip},
  journal={Software: Practice and Experience},
  volume={17},
  number={9},
  pages={595--608},
  year={1987},
  publisher={Wiley Online Library}
}

@article{weirich17dependent,
  author =       {Stephanie Weirich and Antoine Voizard and Pedro Henrique
                  Azevedo de Amorim and Richard A. Eisenberg},
  title =        {A Specification for Dependent Types in Haskell},
  journal =      {Proceedings of the ACM on Programming Languages},
  volume =       1,
  number =       {ICFP},
  pages =        {1-29},
  year =         2017,
  doi =          {10.1145/3110275},
  url =          {https://doi.org/10.1145/3110275},
  DATE_ADDED =   {Tue Feb 9 12:30:15 2021},
}

@article{zschaler11_constructive_modular_transformations,
  author = {Zschaler, Steffen and Poernomo, Iman and Terrell, Jeffrey},
  year = {2011},
  month = {01},
  title = {Towards Using Constructive Type Theory for Verifiable Modular Transformations}
}
